@article{Schloss2005,
  title = {Introducing DOTUR,  a Computer Program for Defining Operational Taxonomic Units and Estimating Species Richness},
  volume = {71},
  ISSN = {1098-5336},
  url = {http://dx.doi.org/10.1128/AEM.71.3.1501-1506.2005},
  DOI = {10.1128/aem.71.3.1501-1506.2005},
  number = {3},
  journal = {Applied and Environmental Microbiology},
  publisher = {American Society for Microbiology},
  author = {Schloss,  Patrick D. and Handelsman,  Jo},
  year = {2005},
  month = mar,
  pages = {1501–1506}
}

@article{Schloss2009,
  title = {Introducing mothur: Open-Source,  Platform-Independent,  Community-Supported Software for Describing and Comparing Microbial Communities},
  volume = {75},
  ISSN = {1098-5336},
  url = {http://dx.doi.org/10.1128/AEM.01541-09},
  DOI = {10.1128/aem.01541-09},
  number = {23},
  journal = {Applied and Environmental Microbiology},
  publisher = {American Society for Microbiology},
  author = {Schloss,  Patrick D. and Westcott,  Sarah L. and Ryabin,  Thomas and Hall,  Justine R. and Hartmann,  Martin and Hollister,  Emily B. and Lesniewski,  Ryan A. and Oakley,  Brian B. and Parks,  Donovan H. and Robinson,  Courtney J. and Sahl,  Jason W. and Stres,  Blaz and Thallinger,  Gerhard G. and Van Horn,  David J. and Weber,  Carolyn F.},
  year = {2009},
  month = dec,
  pages = {7537–7541}
}

@article{Schloss2011,
  title = {Assessing and Improving Methods Used in Operational Taxonomic Unit-Based Approaches for 16S rRNA Gene Sequence Analysis},
  volume = {77},
  ISSN = {1098-5336},
  url = {http://dx.doi.org/10.1128/AEM.02810-10},
  DOI = {10.1128/aem.02810-10},
  number = {10},
  journal = {Applied and Environmental Microbiology},
  publisher = {American Society for Microbiology},
  author = {Schloss,  Patrick D. and Westcott,  Sarah L.},
  year = {2011},
  month = may,
  pages = {3219–3226}
}

@article{Schloss2016,
  title = {Application of a Database-Independent Approach To Assess the Quality of Operational Taxonomic Unit Picking Methods},
  volume = {1},
  ISSN = {2379-5077},
  url = {http://dx.doi.org/10.1128/mSystems.00027-16},
  DOI = {10.1128/msystems.00027-16},
  number = {2},
  journal = {mSystems},
  publisher = {American Society for Microbiology},
  author = {Schloss,  Patrick D.},
  year = {2016},
  month = apr 
}

@article{Sovacool2022,
  title = {OptiFit: an Improved Method for Fitting Amplicon Sequences to Existing OTUs},
  volume = {7},
  ISSN = {2379-5042},
  url = {http://dx.doi.org/10.1128/msphere.00916-21},
  DOI = {10.1128/msphere.00916-21},
  number = {1},
  journal = {mSphere},
  publisher = {American Society for Microbiology},
  author = {Sovacool,  Kelly L. and Westcott,  Sarah L. and Mumphrey,  M. Brodie and Dotson,  Gabrielle A. and Schloss,  Patrick D.},
  editor = {Suen,  Garret},
  year = {2022},
  month = feb 
}

@article{Westcott2015,
  title = {De novo clustering methods outperform reference-based methods for assigning 16S rRNA gene sequences to operational taxonomic units},
  volume = {3},
  ISSN = {2167-8359},
  url = {http://dx.doi.org/10.7717/peerj.1487},
  DOI = {10.7717/peerj.1487},
  journal = {PeerJ},
  publisher = {PeerJ},
  author = {Westcott,  Sarah L. and Schloss,  Patrick D.},
  year = {2015},
  month = dec,
  pages = {e1487}
}

@article{Westcott2017,
  title = {OptiClust, an Improved Method for Assigning Amplicon-Based Sequence Data to Operational Taxonomic Units},
  volume = {2},
  ISSN = {2379-5042},
  url = {http://dx.doi.org/10.1128/mSphereDirect.00073-17},
  DOI = {10.1128/mspheredirect.00073-17},
  number = {2},
  journal = {mSphere},
  publisher = {American Society for Microbiology},
  author = {Westcott,  Sarah L. and Schloss,  Patrick D.},
  editor = {McMahon,  Katherine},
  year = {2017},
  month = apr 
}
